<?xml version="1.0" encoding="UTF-8"?><collection xmlns="http://www.loc.gov/MARC21/slim"><record><leader>00580nam--2200193-i-4500</leader><controlfield tag="001">000013974</controlfield><controlfield tag="002">20161230</controlfield><controlfield tag="005">20161230201030</controlfield><controlfield tag="008">060222s1000------------r-----000-0-rum-d</controlfield><datafield ind1=" " ind2=" " tag="040"><subfield code="a">IFIN-HH</subfield></datafield><datafield ind1=" " ind2=" " tag="041"><subfield code="a">rum</subfield></datafield><datafield ind1=" " ind2=" " tag="080"><subfield code="a">531(07):534(07)</subfield></datafield><datafield ind1="1" ind2=" " tag="100"><subfield code="a">Plavitu, C</subfield></datafield><datafield ind1="1" ind2="0" tag="245"><subfield code="a">Probleme de mecanica fizica si acustica</subfield><subfield code="c">C. Plavitiu, A. Hristev, L. Georgescu, D. Borsan, V. Dima, C. Stanescu, V. Lupas, L. Ionescu</subfield></datafield><datafield ind1=" " ind2=" " tag="260"><subfield code="a">Bucuresti, Editura Didactica Si Pedagogica, 1981</subfield></datafield><datafield ind1=" " ind2=" " tag="300"><subfield code="a">315P</subfield></datafield><datafield ind1="1" ind2=" " tag="700"><subfield code="a">Ionescu, L</subfield></datafield><datafield ind1=" " ind2=" " tag="852"><subfield code="a">43728</subfield><subfield code="c">531</subfield></datafield><datafield ind1=" " ind2=" " tag="CAT"><subfield code="a">Sys</subfield><subfield code="c">20100628</subfield><subfield code="h">120316</subfield></datafield></record></collection>